<?xml version="1.0" encoding="UTF-8"?><collection xmlns="http://www.loc.gov/MARC21/slim"><record><leader>00640nam--2200181-i-4500</leader><controlfield tag="001">000034327</controlfield><controlfield tag="002">20161230</controlfield><controlfield tag="005">20161230201040</controlfield><controlfield tag="008">060222s1000------------r-----000-0-fre-d</controlfield><datafield ind1=" " ind2=" " tag="040"><subfield code="a">IFIN-HH</subfield></datafield><datafield ind1=" " ind2=" " tag="041"><subfield code="a">fre</subfield></datafield><datafield ind1=" " ind2=" " tag="080"><subfield code="a">539.172.13(043)</subfield></datafield><datafield ind1="1" ind2=" " tag="100"><subfield code="a">Ngo, Van Hai</subfield></datafield><datafield ind1="1" ind2="0" tag="245"><subfield code="a">Etude comparative des caracteristiques des cibles metalliques et d`une cible forme de vapeur d2o ou t2o pour la production des neutrons a partir des reactions dd et dt dans le domaine de faibles energies (o a 130 kv)</subfield><subfield code="b">These</subfield><subfield code="c">Van hai ngo</subfield></datafield><datafield ind1=" " ind2=" " tag="260"><subfield code="a">Paris-sud</subfield><subfield code="b">Universite</subfield><subfield code="c">1972</subfield></datafield><datafield ind1=" " ind2=" " tag="300"><subfield code="a">106P</subfield></datafield><datafield ind1=" " ind2=" " tag="852"><subfield code="a">40324</subfield><subfield code="c">539.17</subfield></datafield><datafield ind1=" " ind2=" " tag="CAT"><subfield code="a">Sys</subfield><subfield code="c">20120611</subfield><subfield code="h">125143</subfield></datafield></record></collection>